@article{paternoster2014software,
  title={Software development in startup companies: A systematic mapping study},
  author={Paternoster, Nicol{\`o} and Giardino, Carmine and Unterkalmsteiner, Michael and Gorschek, Tony and Abrahamsson, Pekka},
  journal={Information and Software Technology},
  volume={56},
  number={10},
  pages={1200--1218},
  year={2014},
  publisher={Elsevier}
}
@article{larman2003iterative,
  title={Iterative and incremental developments. a brief history},
  author={Larman, Craig and Basili, Victor R},
  journal={Computer},
  volume={36},
  number={6},
  pages={47--56},
  year={2003},
  publisher={IEEE}
}
@article{kaur2013software,
  title={Software process models and analysis on failure of software development projects},
  author={Kaur, Rupinder and Sengupta, Jyotsna},
  journal={arXiv preprint arXiv:1306.1068},
  year={2013}
}
@article{awad2005comparison,
  title={A comparison between agile and traditional software development methodologies},
  author={Awad, MA},
  journal={University of Western Australia},
  year={2005}
}
@book{rubin2012essential,
  title={Essential Scrum: A practical guide to the most popular Agile process},
  author={Rubin, Kenneth S},
  year={2012},
  publisher={Addison-Wesley}
}
@book{fenton2014software,
  title={Software metrics: a rigorous and practical approach},
  author={Fenton, Norman and Bieman, James},
  year={2014},
  publisher={CRC Press}
}
@misc{one201711th,
  title={11th annual state of Agile development survey},
  author={One, Version},
  year={2017}
}
@misc{pmi2017pulse,
  title={PMI's Pulse of the Profession 2017},
  author={PMI},
  year={2017}
}
@misc{beck2001agile,
  title={The agile manifesto},
  author={Beck, Kent and Beedle, Mike and Van Bennekum, Arie and Cockburn, Alistair and Cunningham, Ward and Fowler, Martin and Grenning, James and Highsmith, Jim and Hunt, Andrew and Jeffries, Ron and others},
  year={2001}
}
@inproceedings{fuggetta2014software,
  title={Software process},
  author={Fuggetta, Alfonso and Di Nitto, Elisabetta},
  booktitle={Proceedings of the on Future of Software Engineering},
  pages={1--12},
  year={2014},
  organization={ACM}
}
@misc{yourdon1997death,
  title={Death March: The Complete Software Developerâ€™s Guide to Surviving Mission Impossible Projects. Paul, DB},
  author={Yourdon, Edward},
  year={1997},
  publisher={Prentice Hall PTR, Englewood Cliffs}
}
@inproceedings{diebold2014agile,
  title={Agile practices in practice: a mapping study},
  author={Diebold, Philipp and Dahlem, Marc},
  booktitle={Proceedings of the 18th International Conference on Evaluation and Assessment in Software Engineering},
  pages={30},
  year={2014},
  organization={ACM}
}
@inproceedings{crowne2002software,
  title={Why software product startups fail and what to do about it. Evolution of software product development in startup companies},
  author={Crowne, Mark},
  booktitle={Engineering Management Conference, 2002. IEMC'02. 2002 IEEE International},
  volume={1},
  pages={338--343},
  year={2002},
  organization={IEEE}
}
@article{arcidiacono2017comparative,
  title={Comparative research about high failure rate of IT projects and opportunities to improve},
  author={Arcidiacono, Giuseppe},
  journal={PM World Journal},
  volume={6},
  number={II},
  year={2017},
  publisher={PM World Incorporated}
}
@inproceedings{giardino2014early,
  title={Why early-stage software startups fail: a behavioral framework},
  author={Giardino, Carmine and Wang, Xiaofeng and Abrahamsson, Pekka},
  booktitle={International Conference of Software Business},
  pages={27--41},
  year={2014},
  organization={Springer}
}
@article{turk2014assumptions,
  title={Assumptions underlying agile software development processes},
  author={Turk, Dan and France, Robert and Rumpe, Bernhard},
  journal={arXiv preprint arXiv:1409.6610},
  year={2014}
}
@incollection{ritter2014user,
  title={User-centered systems design: a brief history},
  author={Ritter, Frank E and Baxter, Gordon D and Churchill, Elizabeth F},
  booktitle={Foundations for designing user-centered systems},
  pages={33--54},
  year={2014},
  publisher={Springer}
}
@book{endsley2016designing,
  title={Designing for situation awareness: An approach to user-centered design},
  author={Endsley, Mica R},
  year={2016},
  publisher={CRC press}
}
@book{ries2011lean,
  title={The lean startup: How today's entrepreneurs use continuous innovation to create radically successful businesses},
  author={Ries, Eric},
  year={2011},
  publisher={Crown Business}
}
@book{blank2012startup,
  title={The startup owner's manual: The step-by-step guide for building a great company},
  author={Blank, Steve},
  year={2012},
  publisher={BookBaby}
}
@article{blank2013lean,
  title={Why the lean start-up changes everything},
  author={Blank, Steve},
  journal={Harvard business review},
  volume={91},
  number={5},
  pages={63--72},
  year={2013}
}
@book{poppendieck2003lean,
  title={Lean Software Development: An Agile Toolkit: An Agile Toolkit},
  author={Poppendieck, Mary and Poppendieck, Tom},
  year={2003},
  publisher={Addison-Wesley}
}
@article{turk2014limitations,
  title={Limitations of agile software processes},
  author={Turk, Dan and France, Robert and Rumpe, Bernhard},
  journal={arXiv preprint arXiv:1409.6600},
  year={2014}
}
@article{yang2016systematic,
  title={A systematic mapping study on the combination of software architecture and agile development},
  author={Yang, Chen and Liang, Peng and Avgeriou, Paris},
  journal={Journal of Systems and Software},
  volume={111},
  pages={157--184},
  year={2016},
  publisher={Elsevier}
}
@inproceedings{paetsch2003requirements,
  title={Requirements engineering and agile software development},
  author={Paetsch, Frauke and Eberlein, Armin and Maurer, Frank},
  booktitle={Enabling Technologies: Infrastructure for Collaborative Enterprises, 2003. WET ICE 2003. Proceedings. Twelfth IEEE International Workshops on},
  pages={308--313},
  year={2003},
  organization={IEEE}
}
@article{cao2008agile,
  title={Agile requirements engineering practices: An empirical study},
  author={Cao, Lan and Ramesh, Balasubramaniam},
  journal={IEEE software},
  volume={25},
  number={1},
  year={2008},
  publisher={IEEE}
}
(setq mac-option-modifier nil
      mac-command-modifier 'meta
      x-select-enable-clipboard t)